@README{--README--,
 x = { Please add any entries here, which do not exist in the other *.bib files. },
 x = { Do not add anything to the other *.bib files unless they are yours. },
}

@article{tods13,
  author    = {Vicky Papavasileiou and
               Giorgos Flouris and
               Irini Fundulaki and
               Dimitris Kotzinos and
               Vassilis Christophides},
  title     = {High-level change detection in {RDF(S) KBs}},
  journal   = {ACM Transactions on Database Systems},
  volume    = {38},
  number    = {1},
  year      = {2013},
  pages     = {1},
  ee        = {http://doi.acm.org/10.1145/2445583.2445584},
  bibsource = {DBLP, http://dblp.uni-trier.de}
}


@article{wsm,
 author = {Fishburn, Peter C.},
 title = {dditive Utilities with Incomplete Product Set: Applications to Priorities and Assignments},
 journal = {Academic Journal},
 volume = {15},
 number = {3},
 year = {1967},
 pages = {537}
} 

  @MISC{diachron-d6.1,
  author =       {Aggelos Liapis and
   Panagiotis Hasapis 
  },
  title =        {D6.1: Development Environment and Detailed Design of DIACHRON platform},
  howpublished = {DIACHRON Deliverable D6.1},
  year =         {2014}
}

  @MISC{diachron-d5.1,
  author =       {Amrapali Zaveri 
  },
  title =        {D5.1: LOD quality assessment and quality-driven acquisition},
  howpublished = {DIACHRON Deliverable D5.1},
  year =         {2013}
}

  @MISC{diachron-d3.2,
  author =       {Giorgos Flouris and
   Yannis Roussakis and Ioannis Chrysakis and Michalis Chortis and Christos Pateritsas and Natalja Friesen and Christoph Lange
  },
  title =        {D3.2: Specification and Implementation of Monitoring, Synchronization and Repairing Services},
  howpublished = {DIACHRON Deliverable D3.2},
  year =         {2014}
}

@inproceedings{Gil2002,
  author    = {Yolanda Gil and
               Varun Ratnakar},
  title     = {TRELLIS: An Interactive Tool for Capturing Information Analysis
               and Decision Making},
  booktitle = {EKAW},
  year      = {2002},
  pages     = {37-42},
  ee        = {http://dx.doi.org/10.1007/3-540-45810-7_6},
  crossref  = {DBLP:conf/ekaw/2002},
  bibsource = {DBLP, http://dblp.uni-trier.de}
}

@unpublished{Yang2011,
 author = {Yang Yang and Haiyan Che and Nicholas Gibbins and Wendy Hall and Nigel Shadbolt},
 title = {Dereferencing Semantic Web URIs: What is 200 OK on the Semantic Web?},
 note = {\url{https://dl.dropboxusercontent.com/u/4138729/paper/dereference_iswc2011.pdf} - Last Accessed: Monday 28th July 2014}
}